@article{
	
}

@book{flask,
    author    = "Miguel Grinberg",
    title     = "Flask Web Development",
    year      = "2018",
    publisher = "O'Reilly Media"
}

@book{c++,
    author    = "Bjarne Stroustrup",
    title     = "The C++ programming language",
    year      = "2000",
    publisher = "Pearson Education India"
}

@misc{python,
	author = {Rossum, G. Van.},
  	howpublished = {\urlstyle{same}\url{https://courses.minia.edu.eg/Attach/16028python_lecture1.pdf}},
  	note = "[Data accesării: 15.03.2021]"
}

@misc{torelectric,
	author = {***},
  	howpublished = {https://www.emag.ro/termostat-inteligent-universal-pentru-centrala-gaz-wifi-comandat-de-pe-smartphone-internet-compatibil-google-home-si-alexa-tor2000gclw/pd/D0BN1LBBM/},
  	note = "[Data accesării: 03.03.2021]"
}

@misc{honeywell,
	author = {***},
  	howpublished = {https://www.emag.ro/termostat-smart-honeywell-lyric-t6r-wireless-amplasat-pe-masa-comandat-de-pe-smartphone-y6h910rw4055/pd/DP2V6SBBM/},
  	note = "[Data accesării: 03.03.2021]"
}

@misc{nest,
	author = {***},
  	howpublished = {https://www.amazon.com/Nest-T3007ES-Thermostat-Temperature-Generation/dp/B0131RG6VK/},
  	note = "[Data accesării: 03.03.2021]"
}

@misc{ecobee,
	author = {***},
  	howpublished = {https://www.amazon.com/ecobee3-lite-Smart-Thermostat-Black/dp/B06W56TBLN/},
  	note = "[Data accesării: 03.03.2021]"
}

@misc{ecobeeVSnest,
	author = {Eric Blank},
  	howpublished = {https://thesmartcave.com/ecobee-vs-nest/},
  	note = "[Data accesării: 03.03.2021]"
}

@InProceedings{article:returnNull,
	  author = 	 {Shuhei Kimura and Keisuke Hotta and Yoshiki Higo and Hiroshi Igaki and Shinji Kusumoto},
	  title = 	 {Does Return Null Matter?},
	  booktitle = {Software Maintenance, Reengineering and Reverse Engineering (CSMR-WCRE)},
	  pages = 	 {244 - 253},
	  publisher = {IEEE},
	  year = 	 {2014},
	  month = 	 {Februarie}
}